@Misc{Tanenbaum,
author = 	 {Andrew S. Tanenbaum},
  title = 	 {Moderne Betriebssysteme, 3., aktualisierte Auflage},
  year = 	 {2009},
}


@misc{Sweb,
  title = {SWEB Educational OS},
  howpublished = "\url{https://github.com/IAIK/sweb}",
  year = {2014}, 
  note = "[Online; accessed 24-November-2014]"
}

